@book{Pierce:2002:TPL:509043,
 author = {Pierce, Benjamin C.},
 title = {Types and Programming Languages},
 year = {2002},
 isbn = {0-262-16209-1},
 publisher = {MIT Press},
 address = {Cambridge, MA, USA},
}

@article{Kahn:1962:TSL:368996.369025,
 author = {Kahn, A. B.},
 title = {Topological Sorting of Large Networks},
 journal = {Commun. ACM},
 issue_date = {Nov. 1962},
 volume = {5},
 number = {11},
 month = nov,
 year = {1962},
 issn = {0001-0782},
 pages = {558--562},
 numpages = {5},
 url = {http://doi.acm.org/10.1145/368996.369025},
 doi = {10.1145/368996.369025},
 acmid = {369025},
 publisher = {ACM},
 address = {New York, NY, USA},
} 
