@inproceedings{Petersen:2014:ECS:2597008.2597152,
 author = {Petersen, Pujan and Hanenberg, Stefan and Robbes, Romain},
 title = {An Empirical Comparison of Static and Dynamic Type Systems on API Usage in the Presence of an IDE: Java vs. Groovy with Eclipse},
 booktitle = {Proceedings of the 22Nd International Conference on Program Comprehension},
 series = {ICPC 2014},
 year = {2014},
 isbn = {978-1-4503-2879-1},
 location = {Hyderabad, India},
 pages = {212--222},
 numpages = {11},
 url = {http://doi.acm.org/10.1145/2597008.2597152},
 doi = {10.1145/2597008.2597152},
 acmid = {2597152},
 publisher = {ACM},
 address = {New York, NY, USA},
 keywords = {empirical research, programming languages, type systems},
}
@inproceedings{Mayer:2012:ESI:2384616.2384666,
 author = {Mayer, Clemens and Hanenberg, Stefan and Robbes, Romain and Tanter, \'{E}ric and Stefik, Andreas},
 title = {An Empirical Study of the Influence of Static Type Systems on the Usability of Undocumented Software},
 booktitle = {Proceedings of the ACM International Conference on Object Oriented Programming Systems Languages and Applications},
 series = {OOPSLA '12},
 year = {2012},
 isbn = {978-1-4503-1561-6},
 location = {Tucson, Arizona, USA},
 pages = {683--702},
 numpages = {20},
 url = {http://doi.acm.org/10.1145/2384616.2384666},
 doi = {10.1145/2384616.2384666},
 acmid = {2384666},
 publisher = {ACM},
 address = {New York, NY, USA},
 keywords = {empirical research, programming languages, type systems},
}

@inproceedings{Reps:1984:SG:800020.808247,
 author = {Reps, Thomas and Teitelbaum, Tim},
 title = {The Synthesizer Generator},
 booktitle = {Proceedings of the First ACM SIGSOFT/SIGPLAN Software Engineering Symposium on Practical Software Development Environments},
 series = {SDE 1},
 year = {1984},
 isbn = {0-89791-131-8},
 pages = {42--48},
 numpages = {7},
 url = {http://doi.acm.org/10.1145/800020.808247},
 doi = {10.1145/800020.808247},
 acmid = {808247},
 publisher = {ACM},
 address = {New York, NY, USA},
}

@inproceedings{vandenBrand:2001:AMC:647477.727788,
 author = {van den Brand, Mark G. J. and Deursen, Arie van and Heering, Jan and Jong, H. A. de and Jonge, Merijn de and Kuipers, Tobias and Klint, Paul and Moonen, Leon and Olivier, Pieter A. and Scheerder, Jeroen and Vinju, Jurgen J. and Visser, Eelco and Visser, Joost},
 title = {The ASF+SDF Meta-environment: A Component-Based Language Development Environment},
 booktitle = {Proceedings of the 10th International Conference on Compiler Construction},
 series = {CC '01},
 year = {2001},
 isbn = {3-540-41861-X},
 pages = {365--370},
 numpages = {6},
 url = {http://dl.acm.org/citation.cfm?id=647477.727788},
 acmid = {727788},
 publisher = {Springer-Verlag},
 address = {London, UK, UK},
}

@phdthesis{phd/de/Gast2005,
  added-at = {2012-04-18T00:00:00.000+0200},
  author = {Gast, Holger},
  biburl = {http://www.bibsonomy.org/bibtex/294605d43d183b1cbb55565080b79cc6c/dblp},
  ee = {http://w210.ub.uni-tuebingen.de/dbt/volltexte/2005/2058/index.html},
  interhash = {cd4fad59fe011cf0b542127b7f02c4fc},
  intrahash = {94605d43d183b1cbb55565080b79cc6c},
  keywords = {dblp},
  note = {http://d-nb.info/977024180},
  pages = {1-202},
  school = {Eberhard Karls University of Tübingen},
  timestamp = {2012-04-18T00:00:00.000+0200},
  title = {A generator for type checkers.},
  url = {http://w210.ub.uni-tuebingen.de/dbt/volltexte/2005/2058/index.html},
  year = 2005
}
@article{ortin2014automatic,
  title={Automatic Generation of Object-Oriented Type Checkers},
  author={Ortin, Francisco and Zapico, Daniel and Quiroga, Jose and Garcia, Miguel},
  journal={Lecture Notes on Software Engineering},
  volume={2},
  number={4},
  year={2014}
}

@article{journals/jfp/SewellNOPRSS10,
  added-at = {2010-07-21T15:45:43.000+0200},
  author = {Sewell, Peter and Nardelli, Francesco Zappa and Owens, Scott and Peskine, Gilles and Ridge, Thomas and Sarkar, Susmit and Strnisa, Rok},
  biburl = {http://www.bibsonomy.org/bibtex/27c6c671b46e8dcfe9d336b9386b32b6c/dblp},
  date = {2010-03-22},
  ee = {http://dx.doi.org/10.1017/S0956796809990293},
  interhash = {80e2cdfa30e04a266fbdfdfdd9f596b1},
  intrahash = {7c6c671b46e8dcfe9d336b9386b32b6c},
  journal = {J. Funct. Program.},
  keywords = {dblp},
  number = 1,
  pages = {71-122},
  timestamp = {2010-07-21T15:45:43.000+0200},
  title = {Ott: Effective tool support for the working semanticist.},
  url = {http://dblp.uni-trier.de/db/journals/jfp/jfp20.html#SewellNOPRSS10},
  volume = 20,
  year = 2010
}

@inproceedings{KatsVisser2010,
  title = {The {Spoofax} Language Workbench. {Rules} for Declarative Specification of Languages and {IDEs}},
  author = {Lennart C. L. Kats and Eelco Visser},
  year = {2010},
  doi = {http://dx.doi.org/10.1145/1869459.1869497},
  researchr = {http://researchr.org/publication/KatsVisser2010},
  pages = {444-463},
  booktitle = {Proceedings of the 25th Annual ACM SIGPLAN Conference on Object-Oriented Programming, Systems, Languages, and Applications, OOPSLA 2010, October 17-21, 2010, Reno, NV, USA},
  editor = {Martin Rinard},
}
@MISC{Sutcliffe04tstpdata-exchange,
    author = {Geoff Sutcliffe and Jürgen Zimmer and Stephan Schulz},
    title = { TSTP Data-Exchange Formats for Automated Theorem Proving Tools},
    year = {2004}
}